<?xml version="1.0" encoding="UTF-8"?><collection xmlns="http://www.loc.gov/MARC21/slim"><record><leader>00476nam--2200181-i-4500</leader><controlfield tag="001">000024382</controlfield><controlfield tag="002">20161230</controlfield><controlfield tag="005">20161230201035</controlfield><controlfield tag="008">060222s1000------------r-----000-0-rum-d</controlfield><datafield ind1=" " ind2=" " tag="040"><subfield code="a">IFIN-HH</subfield></datafield><datafield ind1=" " ind2=" " tag="041"><subfield code="a">rum</subfield></datafield><datafield ind1=" " ind2=" " tag="080"><subfield code="a">531.001</subfield></datafield><datafield ind1="1" ind2=" " tag="100"><subfield code="a">Ionescu-Pallas, Nicolae</subfield></datafield><datafield ind1="1" ind2="0" tag="245"><subfield code="a">Introducere in mecanica teoretica moderna</subfield><subfield code="c">Nicolae ionescu-pallas</subfield></datafield><datafield ind1=" " ind2=" " tag="260"><subfield code="a">Bucuresti</subfield><subfield code="b">Editura Academiei</subfield><subfield code="c">1969</subfield></datafield><datafield ind1=" " ind2=" " tag="300"><subfield code="a">234P</subfield></datafield><datafield ind1=" " ind2=" " tag="852"><subfield code="a">31872</subfield><subfield code="c">531</subfield></datafield><datafield ind1=" " ind2=" " tag="CAT"><subfield code="a">Sys</subfield><subfield code="c">20140220</subfield><subfield code="h">183225</subfield></datafield></record></collection>